@inproceedings{DBLP:conf/conll/TsaiMR16,
  author    = {Chen{-}Tse Tsai and
               Stephen D. Mayhew and
               Dan Roth},
  title     = {Cross-Lingual Named Entity Recognition via Wikification},
  booktitle = {Proceedings of the 20th {SIGNLL} Conference on Computational Natural
               Language Learning, CoNLL 2016, Berlin, Germany, August 11-12, 2016},
  pages     = {219--228},
  year      = {2016},
  crossref  = {DBLP:conf/conll/2016},
  url       = {http://aclweb.org/anthology/K/K16/K16-1022.pdf},
  timestamp = {Fri, 02 Sep 2016 09:34:40 +0200},
  biburl    = {http://dblp2.uni-trier.de/rec/bib/conf/conll/TsaiMR16},
  bibsource = {dblp computer science bibliography, http://dblp.org}
}

@inproceedings{Ratinov:2009:DCM:1596374.1596399,
 author = "Ratinov, Lev and Roth, Dan",
 title = "Design Challenges and Misconceptions in Named Entity Recognition",
 booktitle = "Proceedings of the Thirteenth Conference on Computational Natural Language Learning",
 series = "CoNLL '09",
 year = "2009",
 isbn = "978-1-932432-29-9",
 location = "Boulder, Colorado",
 pages = "147--155",
 numpages = "9",
 url = "http://dl.acm.org/citation.cfm?id=1596374.1596399",
 acmid = "1596399",
 publisher = "Association for Computational Linguistics",
 address = "Stroudsburg, PA, USA",
} 

@inproceedings{tksintro2002conll,
   author     = "Tjong Kim Sang, Erik F.",
   title      = "Introduction to the CoNLL-2002 Shared Task: Language-Independent Named Entity Recognition",
   booktitle  = "Proceedings of CoNLL-2002",
   editors    = "Dan Roth and Antal van den Bosch",
   publisher  = "Taipei, Taiwan",
   pages      = "155--158",
   year       = "2002"
}

@inproceedings{tjongkimsang2003conll,
   author     = "Tjong Kim Sang, Erik F. and De Meulder, Fien",
   title      = "Introduction to the CoNLL-2003 Shared Task: 
                 Language-Independent Named Entity Recognition",
   booktitle  = "Proceedings of CoNLL-2003",
   editor     = "Walter Daelemans and Miles Osborne",
   publisher  = "Edmonton, Canada",
   pages      = "142--147",
   year       = "2003"
}

@inproceedings{TsaiRo16b,
    author = {Chen-Tse Tsai and Dan Roth},
    title = {Cross-lingual Wikification Using Multilingual Embeddings},
    booktitle = {NAACL},
    month = {6},
    year = {2016},
    url = "http://cogcomp.cs.illinois.edu/papers/TsaiRo16b.pdf",
}